<collection xmlns="http://www.loc.gov/MARC21/slim">
<record>
  <leader>00776nam0a22002171i 450 </leader>
  <controlfield tag="001">IT\ICCU\CNCE\058385</controlfield>
  <controlfield tag="005">20110810000000.0</controlfield>
  <datafield tag="100" ind1=" " ind2=" ">
    <subfield code="a">20040518d1595        0itac0103    ba</subfield>
  </datafield>
  <datafield tag="101" ind1=" " ind2=" ">
    <subfield code="a">LAT</subfield>
  </datafield>
  <datafield tag="102" ind1=" " ind2=" ">
    <subfield code="a">IT</subfield>
  </datafield>
  <datafield tag="200" ind1="1" ind2=" ">
    <subfield code="a">Subsidium medicinae ...</subfield>
  </datafield>
  <datafield tag="210" ind1=" " ind2=" ">
    <subfield code="a">Urbini</subfield>
    <subfield code="c">Bartholomaeus et Sim. Ragusii fratres</subfield>
    <subfield code="d">1595</subfield>
  </datafield>
  <datafield tag="215" ind1=" " ind2=" ">
    <subfield code="a">16ʻ</subfield>
  </datafield>
  <datafield tag="300" ind1=" " ind2=" ">
    <subfield code="a">NON ESISTE PU01 ha edizione 1596</subfield>
  </datafield>
  <datafield tag="620" ind1=" " ind2=" ">
    <subfield code="a">IT</subfield>
    <subfield code="d">Urbino</subfield>
  </datafield>
  <datafield tag="700" ind1=" " ind2="1">
    <subfield code="a">Scacchi,</subfield>
    <subfield code="b">Durante</subfield>
    <subfield code="3">IT\ICCU\CNCA\010132</subfield>
  </datafield>
  <datafield tag="712" ind1="0" ind2="0">
    <subfield code="a">Ragusi, Bartolomeo &amp; Ragusi, Simone</subfield>
    <subfield code="3">IT\ICCU\CNCT\001072</subfield>
    <subfield code="4">650</subfield>
  </datafield>
  <datafield tag="790" ind1=" " ind2="1">
    <subfield code="a">Scacchus,</subfield>
    <subfield code="b">Durante</subfield>
    <subfield code="3">IT\ICCU\CNCA\025783</subfield>
    <subfield code="z">Scacchi, Durante</subfield>
  </datafield>
  <datafield tag="791" ind1="0" ind2="0">
    <subfield code="a">Ragusi, Simone</subfield>
    <subfield code="3">IT\ICCU\CNCT\001073</subfield>
    <subfield code="z">Ragusi, Bartolomeo &amp; Ragusi, Simone</subfield>
  </datafield>
  <datafield tag="801" ind1=" " ind2="3">
    <subfield code="a">IT</subfield>
    <subfield code="b">ICCU</subfield>
    <subfield code="c">20201115</subfield>
  </datafield>
  <datafield tag="899" ind1=" " ind2=" ">
    <subfield code="a">Biblioteca Oliveriana. Pesaro</subfield>
    <subfield code="1">PU0061</subfield>
    <subfield code="2">URB OL</subfield>
  </datafield>
</record>
</collection>
